@article{Christian:2012,
    author    = {Christian, John A. and Lightsey, E. Glenn},
    title         = {{Onboard Image-Processing Algorithm for a Spacecraft Optical Navigation Sensor System}},
    journal   =  {{Journal of Spacecraft and Rockets}},
    volume   = {49},
    number  = 2,
    pages    = {337-352},
    year      = 2012,
}

@conference{Owen:2011,
    author    = {W. Owen},
    title         = {Methods of Optical Navigation},
    booktitle = {{AAS Spaceflight Mechanics Conference}},
    year       = {2011},
    number   = {AAS 11-215},
    address  = {New Orleans, LA},
    month    = {February},
}

@article{Liu:2004,
    author    = {H. Liu and  K. C. Jezek},
    title         = {{Automated Extraction of Coastline from Satellite Imagery by Integrating Canny Edge Detection and Locally Adaptive Thresholding Methods}},
    journal   =  {{International Journal of Remote Sensing}},
    volume   = {25},
    number  = 5,
    pages    = {937-958},
    year      = 2004,
}

@conference{Cheng:2003,
    author    = {Cheng, Y. and Miller, J.  K.},
    title         = {{Autonomous Landmark Based Spacecraft Navigation System}},
    booktitle = {{AAS/AIAA Astrodynamics Specialist Conference}},
    number   = {AAS 03-223},
    address  = {Ponce, Puerto Rico},
    year      =  {2003},
    month    = {February},
}

@conference{Cheng:2003b,
    author    = {Cheng, Yang and Johnson, Andrew E. and Matthies, Larry H. and Olson, Clark F.},
    title        =  {{Optical Landmark Detection for Spacecraft Navigation}},
    booktitle = {{AAS/AIAA Astrodynamics Specialist Conference}},
    number   = {AAS 02-224},
    address  = {Ponce, Puerto Rico},
    year      = {2003},
    month    = {February},
}

@online{SeenFromSpace,
    author =  {{National Aeronautics and Space Administration}},
    title = {Earth Features Seen From Space},
    month = May,
    year = {1999},
    url = {https://www.google.com/url?sa=t&rct=j&q=&esrc=s&source=web&cd=3&ved=0CDQQFjAC&url=https%3A%2F%2Fearthkam.ucsd.edu%2Ffiles%2Fpdf%2FEarth_Features_Seen_From_Space.pdf&ei=o-qNU4qaMu7lsATGuIKgDQ&usg=AFQjCNFSq-9sLGYTASrOj9JAnC2FPTlxXw&bvm=bv.68191837,d.cWc&cad=rja}
}

@article{Canny:1986,
    author   =  {J. Canny},
    title       = 	 {{A Computational Approach to Edge Detection}},
    journal  = 	 {{IEEE Transactions on Pattern Analysis and Machine Intelligence}},
    year     = 	 1986,
    volume =	 {8},
    number =	 6,  
    pages   =	 {679-698},
}

@article{Heene:2000,
    author    = {Heene, Gunther and Gautama, Sidharta},
    title        =  {{Optimisation of a Coastline Extraction Algorithm for Object-Oriented Matching of Multisensor Satellite Imagery}},
    journal = {{IEEE Geoscience and Remote Sensing Symposium}},
    volume = {6},
    pages = {2632-2634},
    year      = {2000},
}

@article{Rowell:2013,
  author = 	 {Rowell, Nicholas and Parkes, Steve and Dunstan, Martin},
  title = 	 {{Image Processing for Near Earth Object Optical Guidance Systems}},
  journal = 	 {{IEEE Transactions on Aerospace and Electronic Systems}},
  year = 	 2013,
  volume =	 {49},
  number =	 2,  
  pages =	 {1057-1072},
}

@article{Li:1996,
  author = 	 {Li, Chung-Sheng and Chen, Ming-Syan},
  title = 	 {{Progressive Texture Matching for Earth Observing Satellite Image Database}},
  journal = 	 {{Proc. SPIE}},
  year = 	 1996,
  volume =	 {2916},
  pages =	 {150-161},
}

@conference{Rohr:2011,
    author =  {Rohrschneider, Reuben R.},
    title =      {{Terrain Relative Navigation Using Crater Identification in Surface Topography Data}}, 
    booktitle =  {{AIAA Guidance, Navigation, and Control Conference}},
    number =	{AIAA 2001-6490} ,
    address  = {Portland, Oregon},
    year      = {2011},
    month    = {August},
}

@article{Patt:1997,
  author = 	 {Patt, F. S. and Woodward, R. H. and Gregg, W. W.},
  title = 	 {{An Automated Method for Navigation Assessment for Earth Survey Sensors using Target Islands}},
  journal = 	 {{International Journal of Remote Sensing}},
  year = 	 1997,
  volume =	 {18},
  number =	 16,  
  pages =	 {3311-3336},
}

@misc{ESRITechDes,
    author    = "Environmental Systems Research Institute, Inc.",
    title     = "ESRI Shapefile Technical Description",
    howpublished = "",
    year     = "1998",
}

@misc{Welch:2006,
    author = {Welch, Greg and Bishop, Gary},
    title     = {{An Introduction to the Kalman Filter}},
    howpublished = "online",
    year    = "2006",
}

@article{Kim:2005,
  author = 	 {Kim, Taejung and Lee, Tae-Yoon and Choi, Hae-Jin},
  title = 	 {{Landmark Extraction,  Matching and Processing for Automated Image Navigation of Geostationary Weather Satellites}},
  journal = 	 {{Proc. of SPIE}},
  year = 	 2005,
  volume =	 {5657},
  pages =	 {30-37},
}

@article{Liounis:2013,
  author = 	 {Liounis, Andrew and Daniel, Shawn and Christian, John A.},
  title = 	 {{Autonomous Navigation System Performance in the Earth-Moon System}},
  journal = 	 {{AIAA Space Conference}},
  year = 	 2013,
}

@book{SpaceSecurity,
        author = {Wright, David and Grego, Laura and Gronlund, Lisbeth},
        title =  {{The Physics of Space Security}},
        publisher = {American Academy of Arts and Sciences},
        address = {Cambridge, MA},
        year = {2005}
}

@book{Gelb,
    author = {Gelb, Arthur},
    title = {Applied Optimal Estimation},
    publisher = {The M.I.T. Press},
    address = {Cambridge, MA},
    year = {1974}
}

@book{KalmanFiltering,
    author = {Brown, Robert G. and Hwang, Patrick Y. C.},
    title = {Introduction to Random Signals and Applied Kalman Filtering},
    publisher = {John Wiley and Sons, Inc.},
    address = {Hoboken, NJ},
    year = {1997}
}

@phdthesis{Hanak,
    author = {Hanak, C.},
    title = {Lost in Low Lunar Orbit Crater Pattern Detection and Identification},
    year = {2009},
    school = {University of Texas at Austin},
}

@article{Shuster:1981,
  author = 	 {M. D. Shuster and S. D. Oh},
  title = 	 {{Three-axis Attitude Determination from Vector Observations}},
  journal = 	 {{Journal of Guidance, Control, and Dynamics}},
  year = 	 1981,
  volume =	 {4},
  number = 1,
  pages =	 {70-77},
}

@book{UnderstandingSpace,
	author    = {Jerry Sellers},
	title     = {Understanding Space: An Introduction to Astronautics},
	publisher = {Learning Solutions},
	%volume   = "",
	%number   = "",
	%series   = "",
	%address  = "",
	edition  = {Third Edition},
	year      = {2004},
	%month    = "",
	%note     = "",
}